@unknown{whyhpss,
author = {Drossos, Konstantinos and Magron, Paul and Mimilakis, Stylianos and Virtanen, Tuomas},
year = {2018},
month = {07},
pages = {},
title = {Harmonic-Percussive Source Separation with Deep Neural Networks and Phase Recovery}
}

@inproceedings{driedger,
author = {Driedger, Jonathan and Müller, Meinard and Disch, Sascha},
year = {2014},
month = {01},
pages = {},
title = {Extending Harmonic-Percussive Separation of Audio Signals}
}

@article{fitzgerald,
author = {Fitzgerald, Derry},
year = {2010},
month = {01},
pages = {},
title = {Harmonic/Percussive Separation using Median Filtering},
journal = {13th International Conference on Digital Audio Effects (DAFx-10)}
}

@website{librosa,
title={librosa.decompose.hpss},
url={https://librosa.github.io/librosa/generated/librosa.decompose.hpss.html},
journal={librosa.decompose.hpss - librosa 0.7.2 documentation}}

@article{spectraldesc,
author = {Canadas Quesada, Francisco and Vera-Candeas, Pedro and Ruiz Reyes, Nicolas and Carabias-Orti, Julio and Cabañas, Pablo},
year = {2014},
month = {07},
pages = {},
title = {Percussive/harmonic sound separation by non-negative matrix factorization with smoothness/sparseness constraints},
volume = {2014},
journal = {EURASIP Journal on Audio, Speech, and Music Processing},
doi = {10.1186/s13636-014-0026-5}
}

@website{misviola,
title={University of Iowa Electronic Music Studios},
url={http://theremin.music.uiowa.edu/MIS-Pitches-2012/MISViola2012.html}}

@website{freesounddrum,
title={Freesound - ``44 beat kick snare dry 120bpm stick-03.wav'' by @realdavidfloat},
url={https://freesound.org/people/@realdavidfloat/sounds/418992/}}

@website{imagenoise,
title={Noise Removal - MATLAB \& Simulink},
url={https://www.mathworks.com/help/images/noise-removal.html}}

@website{specstft,
title={Spectrogram using short-time Fourier transform - MATLAB spectrogram},
url={https://www.mathworks.com/help/signal/ref/spectrogram.html}}

@website{wienernoise,
title={The Wiener filter},
url={http://homepages.inf.ed.ac.uk/rbf/CVonline/LOCAL_COPIES/VELDHUIZEN/node15.html}}

@website{movmedian,
title={Moving median - MATLAB movmedian},
url={https://www.mathworks.com/help/matlab/ref/movmedian.html}}

@inproceedings{realtime,
title={The influence of perception latency on the quality of musical performance during a simulated delay scenario},
author={Waldo Greeff},
year={2017}
}

@article{wang2008time,
  title={Time-frequency masking for speech separation and its potential for hearing aid design},
  author={Wang, DeLiang},
  journal={Trends in amplification},
  volume={12},
  number={4},
  pages={332--353},
  year={2008},
  publisher={SAGE Publications Sage CA: Los Angeles, CA}
}

@phdthesis{timefreq2,
author = {Pirhosseinloo, Shadi},
year = {2019},
month = {12},
pages = {},
title = {Using deep learning methods for supervised speech enhancement in noisy and reverberant environments}
}

@website{stftchunks1,
author={Hristo Zhivomirov},
title={Short-Time Fourier Transform (STFT) with Matlab -  File Exchange - MATLAB Central},
url={https://www.mathworks.com/matlabcentral/fileexchange/45577-inverse-short-time-fourier-transform-istft-with-matlab}}

@website{dsp1,
title={Stream from audio file - MATLAB},
url={https://www.mathworks.com/help/dsp/ref/dsp.audiofilereader-system-object.html}}

@website{dsp2,
title={Stream to audio file - MATLAB},
url={https://www.mathworks.com/help/dsp/ref/dsp.audiofilewriter-system-object.html}}

@website{tictoc,
title={Start stopwatch timer - MATLAB tic},
url={https://www.mathworks.com/help/matlab/ref/tic.html}}

@website{god,
title={Time-Frequency Masking for Harmonic-Percussive Source Separation
- MATLAB \& Simulink},
url={https://www.mathworks.com/help/audio/examples/time-frequency-masking-for-harmonic-percussive-source-separation.html}}

@website{cola,
title={Determine whether window-overlap combination is COLA compliant - MATLAB iscola},
url={https://www.mathworks.com/help/signal/ref/iscola.html}}

@article{whyoverlap,
author = {Heinzel, Gerhard and Rüdiger, Albrecht and Schilling, R},
year = {2002},
month = {01},
pages = {},
title = {Spectrum and spectral density estimation by the Discrete Fourier transform (DFT), including a comprehensive list of window functions and some new flat-top windows},
volume = {12},
journal = {Max Plank Inst}
}

@article{leakage,
title={FFT and Spectral Leakage - GaussianWaves},
url={https://www.gaussianwaves.com/2011/01/fft-and-spectral-leakage-2/}}

@incollection{timefreq,
title = "CHAPTER 7 - Frequency Domain Processing",
editor = "Nasser Kehtarnavaz",
booktitle = "Digital Signal Processing System Design (Second Edition)",
publisher = "Academic Press",
edition = "Second Edition",
address = "Burlington",
pages = "175 - 196",
year = "2008",
isbn = "978-0-12-374490-6",
doi = "https://doi.org/10.1016/B978-0-12-374490-6.00007-6",
url = "http://www.sciencedirect.com/science/article/pii/B9780123744906000076",
author = "Nasser Kehtarnavaz"
}

@misc{zafar,
  author        = {Zafar Rafii},
  title         = {Time-frequency Masking -- EECS 352: Machine Perception of Music \& Audio},
  month         = {Winter},
  year          = {2014},
  publisher={Northwestern University}}
